@article{vance93,
  author    = {Pamela H. Vance},
  title     = {Knapsack Problems: Algorithms and Computer Implementations {(S.} Martello and P. Toth)},
  journal   = {{SIAM} Rev.},
  volume    = {35},
  number    = {4},
  pages     = {684--685},
  year      = {1993},
  url       = {https://doi.org/10.1137/1035174},
  doi       = {10.1137/1035174},
  timestamp = {Tue, 29 Sep 2020 10:58:28 +0200},
  biburl    = {https://dblp.org/rec/journals/siamrev/Vance93.bib},
  bibsource = {dblp computer science bibliography, https://dblp.org}
}

@online{knapsack01,
    author  = {John Burkardt},
    title   = {KNAPSACK\_01: Data for the 01 Knapsack Problem},
    url     = {https://people.sc.fsu.edu/~jburkardt/datasets/knapsack_01/knapsack_01.html},
    addendum = "(accessed: 27.01.2021)"
}

@article{memo,
  author    = {Donald Michie},
  title     = {'Memo' Function and Machine Learning},
  journal   = {Nature.},
  volume    = {218},
  number    = {4},
  pages     = {19--22},
  year      = {1968},
}

@article{bab,
author = {Kolesar, Peter},
year = {1967},
month = {05},
pages = {723-735},
title = {A Branch and Bound Algorithm for the Knapsack Problem},
volume = {13},
journal = {Management Science},
doi = {10.1287/mnsc.13.9.723}
}

@inproceedings{ga,
  title={Solving the 0-1 Knapsack Problem with Genetic Algorithms},
  author={Maya Hristakeva},
  year={2004}
}

@inproceedings{greedy,
  title={Different Approaches to Solve the 0 / 1 Knapsack Problem},
  author={Maya Hristakeva},
  year={2005}
}

@article{budp,
  author    = {Anton J. Kleywegt and
               Jason D. Papastavrou},
  title     = {The Dynamic and Stochastic Knapsack Problem},
  journal   = {Oper. Res.},
  volume    = {46},
  number    = {1},
  pages     = {17--35},
  year      = {1998},
  url       = {https://doi.org/10.1287/opre.46.1.17},
  doi       = {10.1287/opre.46.1.17},
  timestamp = {Tue, 31 Mar 2020 18:17:45 +0200},
  biburl    = {https://dblp.org/rec/journals/ior/KleywegtP98.bib},
  bibsource = {dblp computer science bibliography, https://dblp.org}
}

@article{dantzig,
title = {Discrete-Variable Extremum Problems},
year = {1957},
issue_date = {April 1957},
publisher = {INFORMS},
address = {Linthicum, MD, USA},
volume = {5},
number = {2},
issn = {0030-364X},
url = {https://doi.org/10.1287/opre.5.2.266},
doi = {10.1287/opre.5.2.266},
abstract = {<p>This paper reviews some recent successes in the use of linear programming methods for the solution of discrete-variable extremum problems. One example of the use of the multistage approach of dynamic programming for this purpose is also discussed.</p>},
journal = {Oper. Res.},
month = apr,
pages = {266â€“288},
numpages = {23}
}